@online{selfDocument,
  title={LaTeX sources for this presentation and the main thesis},
  author={Jonas Kell},
  year={2025},
  url = {https://github.com/jonas-kell/master-thesis-documents},
}

@online{selfCode,
  title={Thesis Code implementation and Reference},
  author={Jonas Kell},
  year={2025},
  url = {https://github.com/jonas-kell/master-thesis-code},
}

@online{selfBeamerTemplateMNTF,
  title={https://github.com/jonas-kell/beamer-theme-unia-mntf},
  author={Jonas Kell},
  year={2024},
  url = {https://github.com/jonas-kell/math-manipulator},
}
