@online{selfDocument,
  title={LaTeX sources for this thesis, the report and presentations},
  author={Jonas Kell},
  year={2024},
  url = {https://github.com/jonas-kell/master-thesis-documents},
}

@online{selfCode,
  title={Thesis Code implementation and Reference},
  author={Jonas Kell},
  year={2024},
  url = {https://github.com/jonas-kell/master-thesis-code},
}

@online{selfMathManipulator,
  title={Math-Manipulator Tool - Info and Repository},
  author={Jonas Kell},
  year={2024},
  url = {https://github.com/jonas-kell/math-manipulator},
}

@online{selfMathManipulatorCalculations,
  title={Supplementary Calculations Perfomed with Math-Manipulator},
  author={Jonas Kell},
  year={2024},
  url = {https://github.com/jonas-kell/master-thesis-mm-calculations},
}