
% TODO remove
@article{exampleArticle,
  doi = {asdasd},
  url = {https://example.net},
  author = {Doe, John and Test, Jane},
  keywords = {stuff},
  title = {Working title stuff},
  publisher = {stuff},
  year = {2022},  
  copyright = {I DO NOT HAVE COPYRIGHT}
}

@online{selfCode,
  title={Thesis Code implementation and Reference},
  author={Jonas Kell},
  year={2024},
  url = {https://github.com/jonas-kell/master-thesis-code},
}

@online{selfMathManipulator,
  title={Math-Manipulator Tool - Info and Repository},
  author={Jonas Kell},
  year={2024},
  url = {https://github.com/jonas-kell/math-manipulator},
}