@online{selfCode,
  title={Thesis Code implementation and Reference},
  author={Jonas Kell},
  year={2024},
  url = {https://github.com/jonas-kell/master-thesis-code},
}

@online{selfMathManipulator,
  title={Math-Manipulator Tool - Info and Repository},
  author={Jonas Kell},
  year={2024},
  url = {https://github.com/jonas-kell/math-manipulator},
}

@online{selfBeamerTemplateMNTF,
  title={https://github.com/jonas-kell/beamer-theme-unia-mntf},
  author={Jonas Kell},
  year={2024},
  url = {https://github.com/jonas-kell/math-manipulator},
}

@online{beamerPackageCtan,
	title = {{CTAN}: Package beamer},
	url = {https://ctan.org/pkg/beamer},
	urldate = {2024-04-11},
}